@misc{chollet:2015keras,
  title={Keras},
  author={Chollet, Fran\c{c}ois and others},
  year={2015},
  publisher={GitHub},
  howpublished={\url{https://github.com/fchollet/keras}},
}

@misc{tensorflow:2015whitepaper,
  title={{TensorFlow}: Large-Scale Machine Learning on Heterogeneous Systems},
  url={https://www.tensorflow.org/},
  note={Software available from tensorflow.org},
  author={Mart\'{i}n~Abadi and others},
  year={2015},
}

@article{nagler:2011,
	doi = {10.1038/nphys1860},
	year = 2011,
	month = {January},
	publisher = {Springer Science and Business Media {LLC}},
	volume = {7},
	number = {3},
	pages = {265--270},
	author = {Jan Nagler and Anna Levina and Marc Timme},
	title = {Impact of single links in competitive percolation},
	journal = {Nature Physics},
	eprint={1105.1386},
	archivePrefix={arXiv},
}

@misc{lorente:2021,
      title={Image Classification with Classic and Deep Learning Techniques},
      author={Ã’scar Lorente and Ian Riera and Aditya Rana},
      year={2021},
      eprint={2105.04895},
      archivePrefix={arXiv},
      primaryClass={cs.CV}
}

@article{tegmark:2017,
	title={Why Does Deep and Cheap Learning Work So Well?},
	volume={168},
	ISSN={1572-9613},
	eprint={1608.08225},
	archivePrefix={arXiv},
	number={6},
	journal={Journal of Statistical Physics},
	publisher={Springer Science and Business Media LLC},
	author={Lin, Henry W. and Tegmark, Max and Rolnick, David},
	year={2017},
	month={Jul},
